@Article{anarticle,
    key = {anarticle},
    title = {Ein Title},
    year = {2000},
    month = {Januar},
    note = {\url{http://www.url.to.ar/ticle}},
    publisher = {Center for Experimental Research in Computer Systems (CERCS)
       Georgia Institute of Technology, Atlanta, GA, USA},
    author = {A.~Bcd and B.~Cde}
}

@Misc{PMU,
	key   = {PMU},
	title = {{Perfomance Monitoring Unit} {WWW} Homepage},
	year  = {},
	note  =   	
	 {\url{http://rts.lab.asu.edu/web_438/project_final/Talk%209%20Performance%20Monitoring%20Unit.pdf}},
	publisher = {Dr.Yann‐Hang Lee, Aman Singh, Anup Buchke}
}
%%Real-Time Embedded Systems Lab
%%School of Computing, Informatics, and Decision Systems Engineering
%%Ira A. Fulton School of Engineering, Arizona State University

@Misc{HPC,
	key   = {HPC},
	title = {{Know-how: Windows Perfomance Counter} {WWW} Homepage},
	year  = {2005},
	note  =   	
	{\url{
	https://www.tecchannel.de/a/know-how-windows-performance-counter,402403}},
	publisher = {Thomas Wölfer Moritz Jäger, tecchannel.de}
}
@Misc{alink,
  key   = {alink},
  title = {{A web page title} {WWW} Homepage},
  year  = {1996},
  note  = {\url{https://software.intel.com/sites/default/files/managed/39/c5/325462-sdm-vol-1-2abcd-3abcd.pdf}},
  publisher = {Intel}
}

@Misc{Xeon,
	key   = {Xeon},
	title = {{Performance Counter - Non- Uniform Memory Access 	Seminar} {WWW} Homepage},
	year  = {2014},
	note  = {\url{https://www.dcl.hpi.uni-potsdam.de/teaching/numasem/slides/NUMASem_Performance_counter.pdf}},
	publisher = {Karsten Tausche, Universität Potsdam}
}



@Misc{CacheUnfriendly,
	key   = {CacheUnfriendly},
	title = {{Using Perfomance Counters  to Measure Application Characteristics} {WWW} Homepage},
	year  = {1996},
	note  = {\url{http://perfsuite.ncsa.illinois.edu/publications/LJ135/x35.html}},
	publisher = {NCSA Illinois}
}
@Manual{amanual,
  key = {amanual},
  title = {Some sort of manual title},
  author = {{An author's name}},
  organization = {And the organization beyond},
  month = {Mai},
  year = {2001}
}

@book{abook,
   key = {Mabook},
   title = {A book title},
   author = {J.~F.~Kay},
   note = {\url{http://www.booksurls.org}},
   organization = {Some aorporation},
   publisher = {A publisher},
   year = {2003},
   month = {Februar}
}
